@book{lamport1994latex,
	author    = {Leslie Lamport},
	title     = {LaTeX: A Document Preparation System},
	publisher = {Addison-Wesley},
	year      = {1994},
}

@book{mittelbach2004latex,
	author    = {Frank Mittelbach and Michel Goossens and Johannes Braams and David Carlisle and Chris Rowley},
	title     = {The LaTeX Companion},
	publisher = {Addison-Wesley},
	year      = {2004},
}

@book{knuth1984texbook,
	author    = {Donald E. Knuth},
	title     = {The TeXbook},
	publisher = {Addison-Wesley},
	year      = {1984},
}
